<record><leader>02239cam a2200469Ii 45 0</leader><controlfield tag="001">6756920</controlfield><controlfield tag="003">OCoLC</controlfield><controlfield tag="005">20150514154411.0</controlfield><controlfield tag="008">140828s2015    abcabc   b    001 0 eng d</controlfield><datafield ind1=" " ind2=" " tag="020"><subfield code="a">9781771990172 (paperback)</subfield></datafield><datafield ind1=" " ind2=" " tag="020"><subfield code="a">1771990171 (paperback)</subfield></datafield><datafield ind1=" " ind2=" " tag="035"><subfield code="a">ocn907521516</subfield></datafield><datafield ind1=" " ind2=" " tag="040"><subfield code="a">CNCAR</subfield><subfield code="b">eng</subfield><subfield code="e">rda</subfield><subfield code="c">CNCAR</subfield><subfield code="d">OCLCO</subfield><subfield code="d">BDX</subfield><subfield code="d">FUG</subfield><subfield code="d">LTSCA</subfield><subfield code="d">OCLCO</subfield><subfield code="d">AFMK</subfield></datafield><datafield ind1=" " ind2="4" tag="050"><subfield code="a">E76.86.C34</subfield><subfield code="b">W33 2015</subfield></datafield><datafield ind1="0" ind2="4" tag="082"><subfield code="a">971.2300497352 W</subfield></datafield><datafield ind1=" " ind2=" " tag="090"><subfield code="a">E 76.86 C34 W33 2015</subfield><subfield code="b">AGPC</subfield></datafield><datafield ind1=" " ind2=" " tag="090"><subfield code="a">E 76.86 C34 W33 2015</subfield><subfield code="b">AFMK</subfield></datafield><datafield ind1=" " ind2=" " tag="090"><subfield code="a">E 76.86 C34 W33 2015</subfield><subfield code="b">AEU</subfield></datafield><datafield ind1=" " ind2=" " tag="090"><subfield code="a">E76.86 .C34 W33 2015</subfield><subfield code="b">AEGMCT</subfield></datafield><datafield ind1="0" ind2="0" tag="245"><subfield code="a">We are coming home :</subfield><subfield code="b">repatriation and the restoration of Blackfoot cultural confidence /</subfield><subfield code="c">edited by Gerald T. Conaty.</subfield></datafield><datafield ind1=" " ind2="1" tag="264"><subfield code="a">Edmonton, Alberta :</subfield><subfield code="b">AU Press,</subfield><subfield code="c">[2015]</subfield></datafield><datafield ind1=" " ind2=" " tag="300"><subfield code="a">xii, 299 pages :</subfield><subfield code="b">illustrations (some colour), colour map, portraits (some colour) ;</subfield><subfield code="c">23 cm</subfield></datafield><datafield ind1=" " ind2=" " tag="336"><subfield code="a">text</subfield><subfield code="b">txt</subfield><subfield code="2">rdacontent</subfield></datafield><datafield ind1=" " ind2=" " tag="336"><subfield code="a">still image</subfield><subfield code="b">sti</subfield><subfield code="2">rdacontent</subfield></datafield><datafield ind1=" " ind2=" " tag="337"><subfield code="a">unmediated</subfield><subfield code="b">n</subfield><subfield code="2">rdamedia</subfield></datafield><datafield ind1=" " ind2=" " tag="338"><subfield code="a">volume</subfield><subfield code="b">nc</subfield><subfield code="2">rdacarrier</subfield></datafield><datafield ind1=" " ind2=" " tag="504"><subfield code="a">Includes bibliographical references and index.</subfield></datafield><datafield ind1=" " ind2=" " tag="596"><subfield code="a">8 28 29 43</subfield></datafield><datafield ind1="2" ind2="0" tag="610"><subfield code="a">Glenbow Museum.</subfield></datafield><datafield ind1="1" ind2="0" tag="610"><subfield code="a">Canada.</subfield><subfield code="t">First Nations Sacred Ceremonial Objects Repatriation Act.</subfield></datafield><datafield ind1=" " ind2="0" tag="650"><subfield code="a">Cultural property</subfield><subfield code="x">Repatriation</subfield><subfield code="z">Alberta.</subfield></datafield><datafield ind1=" " ind2="0" tag="650"><subfield code="a">Cultural property</subfield><subfield code="x">Moral and ethical aspects</subfield><subfield code="z">Alberta.</subfield></datafield><datafield ind1=" " ind2="0" tag="650"><subfield code="a">Siksika Indians</subfield><subfield code="x">Material culture</subfield><subfield code="z">Alberta.</subfield></datafield><datafield ind1=" " ind2="0" tag="650"><subfield code="a">Kainah Indians</subfield><subfield code="x">Material culture</subfield><subfield code="z">Alberta.</subfield></datafield><datafield ind1=" " ind2="0" tag="650"><subfield code="a">Piegan Indians</subfield><subfield code="x">Material culture</subfield><subfield code="z">Alberta.</subfield></datafield><datafield ind1=" " ind2="0" tag="650"><subfield code="a">Museums and Indians</subfield><subfield code="z">Alberta.</subfield></datafield><datafield ind1=" " ind2="0" tag="650"><subfield code="a">Museum techniques</subfield><subfield code="z">Alberta.</subfield></datafield><datafield ind1="1" ind2=" " tag="700"><subfield code="a">Conaty, Gerald T.,</subfield><subfield code="e">author,</subfield><subfield code="e">editor.</subfield></datafield><datafield ind1=" " ind2=" " tag="926"><subfield code="a">E 76.86 C34 W33 2015</subfield><subfield code="w">LC</subfield><subfield code="c">1</subfield><subfield code="i">34917001375182</subfield><subfield code="d">11/28/2015</subfield><subfield code="l">ON_SHELF</subfield><subfield code="m">KEYANO</subfield><subfield code="p">$40.45</subfield><subfield code="q">1</subfield><subfield code="r">Y</subfield><subfield code="s">Y</subfield><subfield code="t">BOOK</subfield><subfield code="u">12/10/2014</subfield><subfield code="o">.STAFF. Rec'd May/15 MW</subfield></datafield><datafield ind1=" " ind2=" " tag="926"><subfield code="a">E 76.86 C34 W33 2015</subfield><subfield code="w">LC</subfield><subfield code="c">1</subfield><subfield code="i">31847001275244</subfield><subfield code="l">ON_SHELF</subfield><subfield code="m">GPRC_GP</subfield><subfield code="r">Y</subfield><subfield code="s">Y</subfield><subfield code="t">BOOK</subfield><subfield code="u">1/7/2015</subfield></datafield><datafield ind1=" " ind2=" " tag="926"><subfield code="a">E76.86 .C34 W33 2015</subfield><subfield code="w">LC</subfield><subfield code="c">1</subfield><subfield code="i">1007779869</subfield><subfield code="d">3/28/2017</subfield><subfield code="e">3/28/2017</subfield><subfield code="k">CHECKEDOUT</subfield><subfield code="l">ON_SHELF</subfield><subfield code="m">GR_MACEWAN</subfield><subfield code="n">5</subfield><subfield code="p">$34.95</subfield><subfield code="r">M</subfield><subfield code="s">Y</subfield><subfield code="t">BOOK</subfield><subfield code="u">8/5/2015</subfield></datafield><datafield ind1=" " ind2=" " tag="926"><subfield code="a">E 76.86 C34 W33 2015</subfield><subfield code="w">LC</subfield><subfield code="c">1</subfield><subfield code="i">0162034824886</subfield><subfield code="d">3/10/2017</subfield><subfield code="e">3/10/2017</subfield><subfield code="k">MISSING</subfield><subfield code="l">ON_SHELF</subfield><subfield code="m">UAHSS</subfield><subfield code="n">2</subfield><subfield code="p">$150.00</subfield><subfield code="r">M</subfield><subfield code="s">Y</subfield><subfield code="t">BOOK</subfield><subfield code="u">8/6/2015</subfield><subfield code="z">COUTTS_ADD</subfield></datafield></record>